
    <zs:record>
      <zs:recordSchema/>
      <zs:recordPacking>xml</zs:recordPacking>
      <zs:recordData>
        <record xmlns="http://www.loc.gov/MARC21/slim">
          <leader>01705cam a22004097i 4500</leader>
          <controlfield tag="001">22018419</controlfield>
          <controlfield tag="005">20210804104053.0</controlfield>
          <controlfield tag="008">210501t20202020inu           000 0aeng d</controlfield>
          <datafield tag="906" ind1=" " ind2=" ">
            <subfield code="a">7</subfield>
            <subfield code="b">cbc</subfield>
            <subfield code="c">copycat</subfield>
            <subfield code="d">2</subfield>
            <subfield code="e">epcn</subfield>
            <subfield code="f">20</subfield>
            <subfield code="g">y-gencatlg</subfield>
          </datafield>
          <datafield tag="925" ind1="0" ind2=" ">
            <subfield code="a">acquire</subfield>
            <subfield code="b">1 shelf copy</subfield>
            <subfield code="x">policy default</subfield>
          </datafield>
          <datafield tag="955" ind1=" " ind2=" ">
            <subfield code="b">rk47 2021-05-01 z-processor to USASH/ART</subfield>
            <subfield code="i">rk47 2021-05-01 to PresSrvs TW Situational</subfield>
          </datafield>
          <datafield tag="010" ind1=" " ind2=" ">
            <subfield code="a">  2020901295</subfield>
          </datafield>
          <datafield tag="020" ind1=" " ind2=" ">
            <subfield code="a">9781480886643</subfield>
            <subfield code="q">(hbk.)</subfield>
          </datafield>
          <datafield tag="035" ind1=" " ind2=" ">
            <subfield code="a">(OCoLC)on1142315672</subfield>
          </datafield>
          <datafield tag="040" ind1=" " ind2=" ">
            <subfield code="a">YDX</subfield>
            <subfield code="b">eng</subfield>
            <subfield code="e">rda</subfield>
            <subfield code="c">YDX</subfield>
            <subfield code="d">OCLCQ</subfield>
            <subfield code="d">BIB</subfield>
            <subfield code="d">OCLCO</subfield>
            <subfield code="d">OCLCF</subfield>
            <subfield code="d">DLC</subfield>
          </datafield>
          <datafield tag="042" ind1=" " ind2=" ">
            <subfield code="a">lccopycat</subfield>
          </datafield>
          <datafield tag="050" ind1="0" ind2="0">
            <subfield code="a">BR1725</subfield>
            <subfield code="b">.D65 2020</subfield>
          </datafield>
          <datafield tag="100" ind1="1" ind2=" ">
            <subfield code="a">Donovan, Helen I.,</subfield>
            <subfield code="e">author.</subfield>
          </datafield>
          <datafield tag="245" ind1="1" ind2="2">
            <subfield code="a">A war bride's journey :</subfield>
            <subfield code="b">a memoir /</subfield>
            <subfield code="c">Helen I. Donovan.</subfield>
          </datafield>
          <datafield tag="264" ind1=" " ind2="1">
            <subfield code="a">Bloomington, IN :</subfield>
            <subfield code="b">Archway Publishing,</subfield>
            <subfield code="c">[2020]</subfield>
          </datafield>
          <datafield tag="300" ind1=" " ind2=" ">
            <subfield code="a">97 pages ;</subfield>
            <subfield code="c">23 cm</subfield>
          </datafield>
          <datafield tag="336" ind1=" " ind2=" ">
            <subfield code="a">text</subfield>
            <subfield code="b">txt</subfield>
            <subfield code="2">rdacontent</subfield>
          </datafield>
          <datafield tag="337" ind1=" " ind2=" ">
            <subfield code="a">unmediated</subfield>
            <subfield code="b">n</subfield>
            <subfield code="2">rdamedia</subfield>
          </datafield>
          <datafield tag="338" ind1=" " ind2=" ">
            <subfield code="a">volume</subfield>
            <subfield code="b">nc</subfield>
            <subfield code="2">rdacarrier</subfield>
          </datafield>
          <datafield tag="520" ind1=" " ind2=" ">
            <subfield code="a">Donovan shares both heartbreaking and heartwarming moments from her life growing up in Germany under Nazi tyranny, where, despite fear and violence, her faith in Jesus helped her perservere.</subfield>
          </datafield>
          <datafield tag="600" ind1="1" ind2="0">
            <subfield code="a">Donovan, Helen I.</subfield>
          </datafield>
          <datafield tag="650" ind1=" " ind2="0">
            <subfield code="a">Christian biography</subfield>
            <subfield code="z">Germany.</subfield>
          </datafield>
          <datafield tag="650" ind1=" " ind2="0">
            <subfield code="a">World War, 1939-1945</subfield>
            <subfield code="z">Germany.</subfield>
          </datafield>
          <datafield tag="651" ind1=" " ind2="0">
            <subfield code="a">Germany</subfield>
            <subfield code="x">History</subfield>
            <subfield code="y">1933-1945</subfield>
            <subfield code="v">Biography.</subfield>
          </datafield>
          <datafield tag="650" ind1=" " ind2="7">
            <subfield code="a">Christian biography.</subfield>
            <subfield code="2">fast</subfield>
            <subfield code="0">(OCoLC)fst00858936</subfield>
          </datafield>
          <datafield tag="651" ind1=" " ind2="7">
            <subfield code="a">Germany.</subfield>
            <subfield code="2">fast</subfield>
            <subfield code="0">(OCoLC)fst01210272</subfield>
          </datafield>
          <datafield tag="647" ind1=" " ind2="7">
            <subfield code="a">World War</subfield>
            <subfield code="d">(1939-1945)</subfield>
            <subfield code="2">fast</subfield>
            <subfield code="0">(OCoLC)fst01180924</subfield>
          </datafield>
          <datafield tag="648" ind1=" " ind2="7">
            <subfield code="a">1933-1945</subfield>
            <subfield code="2">fast</subfield>
          </datafield>
          <datafield tag="655" ind1=" " ind2="7">
            <subfield code="a">Autobiographies.</subfield>
            <subfield code="2">fast</subfield>
            <subfield code="0">(OCoLC)fst01919894</subfield>
          </datafield>
          <datafield tag="655" ind1=" " ind2="7">
            <subfield code="a">Biographies.</subfield>
            <subfield code="2">fast</subfield>
            <subfield code="0">(OCoLC)fst01919896</subfield>
          </datafield>
          <datafield tag="655" ind1=" " ind2="7">
            <subfield code="a">History.</subfield>
            <subfield code="2">fast</subfield>
            <subfield code="0">(OCoLC)fst01411628</subfield>
          </datafield>
          <datafield tag="655" ind1=" " ind2="7">
            <subfield code="a">Autobiographies.</subfield>
            <subfield code="2">lcgft</subfield>
          </datafield>
        </record>
      </zs:recordData>
      <zs:recordPosition>2</zs:recordPosition>
    </zs:record>